@misc{TerabeeTeraRanger,
  author       = {{Terabee} TeraRanger},
  howpublished = {\url{https://www.terabee.com/shop/lidar-tof-multi-directional-arrays/teraranger-tower-evo/}},
  title        = {Terabee TeraRanger Tower Evo},
  note         = {Accessed: 2019-11-18}
}

