%% This is a collection of stubs of the most frequently used bibtex entries
%% with the required fields. Please refer to BibTeX/BibLaTeX docs for
%% additional details.
%% http://biblatex-biber.sourceforge.net/

%% https://pdfs.semanticscholar.org/961d/7ead164ae361d2d0a253c5551db419ea48d9.pdf
@article{green2019uav,
  title={UAV SLAM and Interior Modeling with 3D LiDAR in GNSS-Denied Environments},
  author={Green, Conor and Stevens, Brenden and Biaz, Saad and Chapman, Richard},
  year={2019}
}

%% https://www.sciencedirect.com/science/article/pii/S1474667016327926
@article{vempati2014quadrotor,
  title={Quadrotor: design, control and vision based localization},
  author={Vempati, Anurag Sai and Choudhary, Vipul and Behera, Laxmidhar},
  journal={IFAC Proceedings Volumes},
  volume={47},
  number={1},
  pages={1104--1110},
  year={2014},
  publisher={Elsevier}
}

%% https://ieeexplore.ieee.org/abstract/document/7778108/
@inproceedings{de2016flight,
  title={Flight-test evaluation of small form-factor LiDAR and radar sensors for sUAS detect-and-avoid applications},
  author={de Haag, Maarten Uijt and Bartone, Chris G and Braasch, Michael S},
  booktitle={2016 IEEE/AIAA 35th Digital Avionics Systems Conference (DASC)},
  pages={1--11},
  year={2016},
  organization={IEEE}
}

@misc{TerabeeTeraRanger,
  author       = {{Terabee} TeraRanger},
  howpublished = {\url{www.terabee.com/shop/lidar-tof-multi-directional-arrays/teraranger-tower-evo}},
  title        = {Terabee TeraRanger Tower Evo},
  note         = {Accessed: 2019-11-18}
}

@misc{VL53L1XDatasheet,
  author       = {VL53L1X},
  howpublished = {\url{www.st.com/resource/en/datasheet/vl53l1x.pdf}},
  title        = {Datasheet},
  note         = {Accessed: 2019-11-30}
}

@misc{BitcrazeMultirangerDeck,
  author       = {Bitcraze Crazyflie multiranger deck},
  howpublished = {\url{www.bitcraze.io/multi-ranger-deck}},
  title        = {Website},
  note         = {Accessed: 2019-11-30}
}
